This file automatically created by prebib -- do not edit this file.
Changes to this file are likely to be overwritten without warning.


@article{sison95simultaneous,
    title = {Simultaneous confidence intervals and sample size determination for multinomial proportions},
    author = {Sison, Cristina P. and Glaz, Joseph},
    journal = {J.~ASA},
    volume = {90},
    number = {429},
    pages = {366--369},
    year = {1995},
}

@inproceedings{Khadka14how,
    author = {Khadka, Ravi and Batlajery, Belfrit V. and Saeidi, Amir M. and Jansen, Slinger and Hage, Jurriaan},
    title = {How Do Professionals Perceive Legacy Systems and Software Modernization?},
    booktitle = {ICSE},
    year = {2014},
    pages = {36--47},
}

@book{cheney85numerical,
    title = {Numerical methods and computing},
    author = {Cheney, Ward and Kincaid, David},
    journal = {Pacific Grove: California},
    year = {1985},
}

@misc{hettrick14uk,
    title = {{UK} Research Software Survey 2014},
    author = {Hettrick, Simon and Antonioletti, Mario and Carr, Les and
Chue Hong, Neil and Crouch, Stephen and De Roure, David and Emsley, Iain and
Goble, Carole and Hay, Alexander and Inupakutika, Devasena and Jackson, Mike and
Nenadic, Aleksandra and Parkinson, Tim and Parsons, Mark I and
Pawlik, Aleksandra and Peru, Giacomo and Proeme, Arno and Robinson, John and
Sufi, Shoaib},
    year = {2014},
    link = {10.5281/zenodo.14809},
}

@article{peterson09f2py,
    title = {{F2PY}: a tool for connecting {Fortran} and {Python} programs},
    author = {Peterson, Pearu},
    journal = {International Journal of Computational Science and Engineering},
    volume = {4},
    number = {4},
    pages = {296--305},
    year = {2009},
}

@article{cheatham69extensible,
    author = {Cheatham, Thomas E.},
    title = {Motivation for Extensible Languages},
    journal = {ACM SIGPLAN},
    volume = {4},
    number = {8},
    year = {1969},
    pages = {45--49},
}

@inproceedings{barrett13unipycation,
    author = {Barrett, Edd and Bolz, Carl Friedrich and Tratt, Laurence},
    title = {{Unipycation}: A Case Study in Cross-language Tracing},
    booktitle = {VMIL},
    year = {2013},
    pages = {31--40},
}

@inproceedings{sullivan03dynamic,
    title = {Dynamic Native Optimization of Interpreters},
    booktitle = {IVME},
    author = {Sullivan, Gregory T. and Bruening, Derek L. and Baron, Iris and Garnett, Timothy and Amarasinghe, Saman},
    year = {2003},
    pages = {50--57},
}

@inproceedings{bolz09tracing,
    title = {Tracing the Meta-Level: {PyPy's} Tracing {JIT} Compiler},
    booktitle = {ICOOOLPS},
    author = {Bolz, Carl Friedrich and Cuni, Antonio and Fijałkowski, Maciej and Rigo, Armin},
    year = {2009},
    pages = {18--25},
}

@inproceedings{yermolovich09optimization,
    title = {Optimization of Dynamic Languages using Hierarchical Layering of Virtual Machines},
    booktitle = {DLS},
    author = {Yermolovich, Alexander and Wimmer, Christian and Franz, Michael},
    year = {2009},
    pages = {79--88},
}

@inproceedings{bebenita10spur,
    author = {Bebenita, Michael and Brandner, Florian and Fahndrich, Manuel and Logozzo, Francesco and Schulte, Wolfram and Tillmann, Nikolai and Venter, Herman},
    title = {{SPUR}: A Trace-Based {JIT} Compiler for {CIL} },
    booktitle = {OOPSLA},
    year = {2010},
    pages = {708--725},
}

@inproceedings{ingalls97back,
    title = {Back to the Future: the Story of {Squeak}, a Practical {Smalltalk} written in itself},
    booktitle = {OOPSLA},
    author = {Ingalls, Dan and Kaehler, Ted and Maloney, John and Wallace, Scott and Kay, Alan},
    year = {1997},
    pages = {318--326},
}

@article{kelsey94tractable,
    title = {A Tractable {Scheme} Implementation},
    volume = {7},
    number = {4},
    journal = {Lisp Symb. Comput.},
    author = {Kelsey, Richard A. and Rees, Jonathan A.},
    year = {1994},
    pages = {315--335},
}

@inproceedings{bala00dynamo,
    title = {Dynamo: A Transparent Dynamic Optimization System},
    booktitle = {PLDI},
    author = {Bala, Vasanth and Duesterwald, Evelyn and Banerjia, Sanjeev},
    year = {2000},
    pages = {1--12},
}

@inproceedings{gal06hotpathvm,
    title = {{HotpathVM:} An Effective {JIT} Compiler for Resource-Constrained Devices},
    booktitle = {VEE},
    author = {Gal, Andreas and Probst, Christian W. and Franz, Michael},
    year = {2006},
    pages = {144--153},
}

@article{bolz14impact,
    author = {Carl Friedrich Bolz and Laurence Tratt},
    title = {The Impact of Meta-Tracing on {VM} Design and Implementation},
    journal = {SCICO},
    year = {2015},
    pages = {408--421},
    volume = {98},
    number = {3},
}

@inproceedings{rigo06pypy,
    title = {{PyPy's} Approach to Virtual Machine Construction},
    booktitle = {DLS},
    author = {Armin Rigo and Samuele Pedroni},
    year = {2006},
    pages = {944--953},
}

@inproceedings{bolz10towards,
    title = {Towards a Jitting {VM} for {Prolog} Execution},
    pages = {99--108},
    booktitle = {PPDP},
    author = {Bolz, Carl Friedrich and Leuschel, Michael and Schneider, David},
    year = {2010},
}

@inproceedings{diekmann13parsing,
    author = {Lukas Diekmann and Laurence Tratt},
    title = {Parsing Composed Grammars with Language Boxes},
    booktitle = {Scalable Language Specifications},
    year = {2013},
}

@inproceedings{bolz11runtime,
    title = {Runtime Feedback in a Meta-Tracing {JIT} for Efficient Dynamic Languages},
    booktitle = {ICOOOLPS},
    author = {Bolz, Carl Friedrich and Cuni, Antonio and Fijałkowski, Maciej and Leuschel, Michael and Pedroni, Samuele and Rigo, Armin},
    year = {2011},
    pages = {9:1–9:8},
}

@inproceedings{gal09trace,
    title = {Trace-Based {Just-In-Time} Type Specialization for Dynamic Languages},
    booktitle = {PLDI},
    author = {Gal, Andreas and Eich, Brendan and Shaver, Mike and Anderson, David and Mandelin, David and Haghighat, Mohammad R and Kaplan, Blake and Hoare, Graydon and Zbarsky, Boris and Orendorff, Jason and Ruderman, Jesse and Smith, Edwin W and Reitmaier, Rick and Bebenita, Michael and Chang, Mason and Franz, Michael},
    year = {2009},
    pages = {465--478},
}

@article{bolz11allocation,
    author = {Carl Friedrich Bolz and Antonio Cuni and Maciej Fijałkowski and Michael Leuschel and Samuele Pedroni and Armin Rigo},
    journal = {PEPM},
    title = {Allocation Removal by Partial Evaluation in a Tracing {JIT}},
    year = {2011},
    pages = {43--52},
}

@inproceedings{ishizaki12adding,
    author = {Kazuaki Ishizaki and Takeshi Ogasawara and Jose Castanos and Priya Nagpurkar and David Edelsohn and Toshio Nakatani},
    title = {Adding Dynamically-Typed Language Support to a Statically-Typed Language Compiler: Performance Evaluation, Analysis, and Tradeoffs},
    booktitle = {VEE},
    year = {2012},
    pages = {169--180},
    numpages = {12},
}

@inproceedings{castanos12onthebenefits,
    author = {Castanos, Jose and Edelsohn, David and Ishizaki, Kazuaki and Nagpurkar, Priya and Nakatani, Toshio and Ogasawara, Takeshi and Wu, Peng},
    title = {On the benefits and pitfalls of extending a statically typed language {JIT} compiler for dynamic scripting languages},
    booktitle = {OOPSLA},
    year = {2012},
    pages = {195--212},
    numpages = {18},
    link = {http://doi.acm.org/10.1145/2398857.2384631},
}

@inproceedings{gybels03soul,
    author = {Kris Gybels},
    title = {{SOUL} and {Smalltalk} -- Just Married: evolution of the Interaction between a Logic and an Object-Oriented Language towards Symbiosis},
    booktitle = {DP-COOL},
    year = {2003},
}

@inproceedings{dhondt04seamless,
    author = {Maja D'Hondt and Kris Gybels and Viviane Jonckers},
    title = {Seamless Integration of Rule-Based Knowledge and Object-Oriented Functionality with Linguistic Symbiosis},
    booktitle = {SAC},
    year = {2004},
    pages = {1328--1335},
    numpages = {8},
}

@incollection{denti01tuprolog,
    title = {{tuProlog:} A Light-Weight {Prolog} for Internet Applications and Infrastructures},
    booktitle = {PADL},
    author = {Denti, Enrico and Omicini, Andrea and Ricci, Alessandro},
    year = {2001},
    pages = {184--198},
    volume = {1990},
}

@article{cheatham69motivation,
    author = {Cheatham, Thomas E.},
    title = {Motivation for Extensible Languages},
    journal = {SIGPLAN},
    volume = {4},
    number = {8},
    year = {1969},
    pages = {45--49},
}

@article{irons70experience,
    author = {Irons, Edgar T.},
    title = {Experience with an Extensible Language},
    journal = {CACM},
    year = {1970},
    volume = {13},
    pages = {31--40},
    number = {1},
}

@inproceedings{gregory85ametalanguage,
    author = {Johnson, Gregory F. and Fischer, C. N.},
    title = {A Meta-language and System for Nonlocal Incremental Attribute Evaluation
in Language-based Editors},
    booktitle = {POPL},
    year = {1985},
    pages = {141--151},
}

@inproceedings{cardelli93extensible,
    author = {Luca Cardelli and Florian Matthes and Mart\'{\i}n Abadi},
    title = {Extensible Grammars for Language Specialization},
    booktitle = {Database Programming Languages},
    year = {1993},
    pages = {11--31},
}

@article{tratt08domainspecific,
    author = {Laurence Tratt},
    title = {Domain Specific Language Implementation via Compile-Time Meta-Programming},
    journal = {TOPLAS},
    year = {2008},
    volume = {30},
    pages = {1--40},
    number = {6},
}

@inproceedings{bravenboer04concrete,
    author = {Martin Bravenboer and Eelco Visser},
    title = {Concrete Syntax for Objects. Domain-Specific Language Embedding and Assimilation without Restrictions},
    booktitle = {OOPSLA},
    year = {2004},
    pages = {365--383},
}

@article{hudak96building,
    author = {Paul Hudak},
    title = {Building Domain-Specific Embedded Languages},
    journal = {ACM Computing Surveys},
    volume = {28},
    number = {4},
    year = {1996},
}

@inproceedings{sarimbekov13characteriustics,
    author = {Sarimbekov, Aibek and Podzimek, Andrej and
Bulej, Lubomir and Zheng, Yudi and Ricci, Nathan and Binder, Walter},
    title = {Characteristics of Dynamic {JVM} Languages},
    booktitle = {VMIL},
    year = {2013},
    pages = {11--20},
    numpages = {10},
    link = {http://doi.acm.org/10.1145/2542142.2542144},
}

@inproceedings{kalibera13rigorous,
    author = {Kalibera, Tomas and Jones, Richard},
    title = {Rigorous Benchmarking in Reasonable Time},
    booktitle = {ISMM},
    year = {2013},
    pages = {63--74},
    numpages = {12},
    link = {http://doi.acm.org/10.1145/2464157.2464160},
}

@inproceedings{howe10pearl,
    author = {Jacob Howe and Andy King},
    title = {A Pearl on {SAT} Solving in {Prolog}},
    booktitle = {FLOPS},
    year = {2010},
    pages = {165--174},
    volume = {6009},
}

@inproceedings{hoos00satlib,
    author = {Holger Hoos and Thomas St\"utzle},
    title = {{SATLIB}: An Online Resource for Research on {SAT}},
    year = {2000},
    pages = {283--292},
    booktitle = {SAT 2000},
    note = {I.~P.~Gent, H.~v.~Maaren, T.~Walsh, editors, SAT 2000. SATLIB is available online at \url{www.satlib.org}},
}

@inproceedings{vitek11repeatability,
    author = {Jan Vitek and Tomas Kalibera},
    title = {Repeatability, reproducibility, and rigor in systems research},
    booktitle = {EMSOFT},
    year = {2011},
    pages = {33-38},
    ee = {http://doi.acm.org/10.1145/2038642.2038650},
}

@techreport{kalibera12quantifying,
    author = {Kalibera, Tomas and Jones, Richard},
    title = {Quantifying performance changes with effect size confidence intervals},
    institution = {University of Kent},
    number = {4-12},
    year = {2012},
}

@inproceedings{janssen94interlanguage,
    author = {Bill Janssen and Mike Spreitzer},
    title = {{ILU}: Inter-Language Unification via Object Modules},
    booktitle = {Multi-Language Object Models},
    year = {1994},
}

@inproceedings{kaplan98idls,
    author = {Alan Kaplan and John Ridgway and Jack C. Wileden},
    title = {Why {IDLs} Are Not Ideal},
    booktitle = {Software Specification and Design},
    year = {1998},
}

@article{wielemaker12future,
    title = {{SWI-Prolog}: history and focus for the future},
    author = {Jan Wielemaker},
    journal = {ALP},
    year = {2012},
    volume = {152},
}

@phdthesis{mitchell70design,
    title = {The design and construction of flexible and efficient interactive programming systems},
    school = {Carnegie Mellon University},
    author = {Mitchell, James George},
    year = {1970},
}

@phdthesis{wagner98practicalalgorithms,
    title = {Practical Algorithms for Incremental Software Development Environments},
    author = {Tim A. Wagner},
    school = {University of California, Berkeley},
    year = {1998},
}

@inproceedings{erdweg12untangled,
    booktitle = {LDTA},
    title = {Language Composition Untangled},
    author = {Sebastian Erdweg and Paolo G. Giarrusso and Tillmann Rendel},
    year = {2012},
}

@mastersthesis{seaton07mutablesyntax,
    school = {University of Bristol},
    title = {A Programming Language Where the Syntax and Semantics Are Mutable at Runtime},
    author = {Christopher Seaton},
    year = {2007},
}

@inproceedings{johnstone10tear,
    booktitle = {LDTA},
    keyword = {context free grammar, parsing, tree traversal},
    year = {2010},
    articleno = {6},
    title = {Tear-Insert-Fold Grammars},
    acmid = {1868287},
    pages = {6:1--6:8},
    link = {http://doi.acm.org/10.1145/1868281.1868287},
    author = {Johnstone, Adrian and Scott, Elizabeth},
    numpages = {8},
}

@incollection{konat13declarative,
    booktitle = {SLE},
    title = {Declarative name binding and scope rules},
    author = {Konat, Gabri{\"e}l and Kats, Lennart and Wachsmuth, Guido and Visser, Eelco},
    year = {2013},
    pages = {311--331},
}

@inproceedings{kats10spoofax,
    author = {Kats, Lennart C.L. and Visser, Eelco},
    title = {The {Spoofax} Language Workbench: Rules for Declarative Specification of Languages and {IDEs}},
    booktitle = {OOPSLA},
    year = {2010},
    pages = {444--463},
    numpages = {20},
    link = {http://doi.acm.org/10.1145/1869459.1869497},
    acmid = {1869497},
    keyword = {IDE, domain-specific language, dsl, eclipse, language workbench, meta-tooling, sdf, sglr, spoofax, stratego},
}

@inproceedings{pech13mps,
    author = {Pech, Vaclav and Shatalin, Alex and Voelter, Markus},
    title = {{JetBrains} {MPS} As a Tool for Extending {Java} },
    booktitle = {PPPJ},
    year = {2013},
    pages = {165--168},
    numpages = {4},
    link = {http://doi.acm.org/10.1145/2500828.2500846},
    acmid = {2500846},
    keyword = {DSLs, development environments, formal methods, language extension},
}

@article{knuth65lllr,
    author = {Donald Knuth},
    title = {On the Translation of Languages from Left to Right},
    journal = {Information and Control},
    volume = {8},
    number = {6},
    year = {1965},
    pages = {607-639},
}

@inproceedings{kaminski13dslfeatures,
    author = {Kaminski, Ted and Van Wyk, Eric},
    title = {Creating and Using Domain-specific Language Features},
    booktitle = {GlobalDSL},
    year = {2013},
    pages = {18--21},
    numpages = {4},
    link = {http://doi.acm.org/10.1145/2489812.2489817},
    acmid = {2489817},
}

@article{ghezzi79incremental,
    title = {Incremental parsing},
    author = {Ghezzi, Carlo and Mandrioli, Dino},
    journal = {ACM Transactions on Programming Languages and Systems (TOPLAS)},
    volume = {1},
    number = {1},
    pages = {58--70},
    year = {1979},
}

@article{ghezzi80augmenting,
    title = {Augmenting Parsers to support Incrementality},
    author = {Ghezzi, Carlo and Mandrioli, Dino},
    journal = {Journal of the ACM (JACM)},
    volume = {27},
    number = {3},
    pages = {564--579},
    year = {1980},
}

@inproceedings{jalili82building,
    title = {Building friendly parsers},
    author = {Jalili, Fahimeh and Gallier, Jean H},
    booktitle = {POPL},
    pages = {196--206},
    year = {1982},
}

@article{larcheveque95optimal,
    author = {Larchevêque, Jean-Marie},
    year = {1995},
    pages = {1--15},
    title = {Optimal incremental parsing},
    volume = {17},
    journal = {TOPLAS},
    link = {http://doi.acm.org/10.1145/200994.200996},
}

@inproceedings{petrone95reusing,
    author = {Petrone, Luigi},
    title = {Reusing batch parsers as incremental parsers},
    booktitle = {FSTTCS},
    year = {1995},
    pages = {111--123},
}

@inproceedings{ferro94efficient,
    title = {Efficient Incremental Parsing for context-free Languages},
    author = {Ferro, Manuel Vilares and Dion, Bernard A},
    booktitle = {International Conference on Computer Languages},
    pages = {241--252},
    year = {1994},
}

@article{li97new,
    title = {A new Approach to Incremental {LR} Parsing},
    author = {Li, Warren X},
    journal = {J. Prog. Lang.},
    volume = {5},
    number = {1},
    pages = {173--188},
    year = {1997},
}

@inproceedings{renggli09languageboxes,
    author = {Lukas Renggli and Marcus Denker and Oscar Nierstrasz},
    title = {Language Boxes},
    booktitle = {SLE},
    year = {2009},
    pages = {274-293},
}

@article{parikh66contextfree,
    author = {Parikh, Rohit J.},
    title = {On Context-Free Languages},
    journal = {J.~ACM},
    volume = {13},
    number = {4},
    year = {1966},
    pages = {570--581},
    numpages = {12},
    link = {http://doi.acm.org/10.1145/321356.321364},
}

@inproceedings{schwerdfeger09pldi,
    author = {August Schwerdfeger and Eric Van Wyk},
    title = {Verifiable Composition of Deterministic Grammars},
    booktitle = {PLDI},
    year = {2009},
}

@phdthesis{visser97sdf,
    author = {Visser, Eelco},
    title = {Syntax Definition for Language Prototyping},
    year = {1997},
    school = {University of Amsterdam},
}

@techreport{visser97scannerless,
    title = {Scannerless generalized-LR parsing},
    author = {Visser, Eelco and others},
    number = {P9707},
    year = {1997},
    institution = {Universiteit van Amsterdam},
}

@inproceedings{vandenbrand02disambiguation,
    title = {Disambiguation filters for scannerless generalized LR parsers},
    author = {Van den Brand, Mark GJ and Scheerder, Jeroen and Vinju, Jurgen J and Visser, Eelco},
    booktitle = {CC},
    pages = {143--158},
    year = {2002},
}

@article{cantor62ambiguity,
    author = {David G. Cantor},
    title = {On the Ambiguity Problem of Backus Systems},
    year = {1962},
    pages = {477--479},
    journal = {J.~ACM},
    volume = {9},
    number = {4},
}

@inproceedings{vasudevan13detecting,
    author = {Naveneetha Vasudevan and Laurence Tratt},
    title = {Detecting Ambiguity in Programming Language Grammars},
    booktitle = {SLE},
    year = {2013},
    pages = {157-176},
}

@article{salomon89scannerless,
    author = {D. J. Salomon and G. V. Cormack},
    title = {Scannerless {NSLR}(1) parsing of programming languages},
    journal = {SIGPLAN Not.},
    volume = {24},
    number = {7},
    year = {1989},
    pages = {170--178},
}

@inproceedings{ford04pegs,
    author = {Bryan Ford},
    title = {Parsing expression grammars: a recognition-based syntactic foundation},
    booktitle = {POPL},
    year = {2004},
    pages = {111--122},
}

@article{teitelbaum81cornell,
    author = {Teitelbaum, Tim and Reps, Thomas},
    title = {The {Cornell} program synthesizer: a syntax-directed programming environment},
    journal = {Commun.~ACM},
    year = {1981},
    volume = {24},
    pages = {563--573},
    number = {9},
}

@mastersthesis{bosharnitsan01harmonia,
    title = {{Harmonia}: A Flexible Framework for Constructing Interactive Language-Based Programming Tools},
    school = {University of California, Berkeley},
    author = {Marat Boshernitsan},
    year = {2001},
}

@article{bravenboer08stratego,
    title = {Stratego/{XT} 0.17. {A} language and toolset for program transformation},
    journal = {SCICO},
    volume = {72},
    number = {1–2},
    pages = {52 - 70},
    year = {2008},
    link = {http://www.sciencedirect.com/science/article/pii/S0167642308000452},
    author = {Martin Bravenboer and Karl Trygve Kalleberg and Rob Vermaas and Eelco Visser},
}

@article{cordy06txl,
    title = {The {TXL} source transformation language},
    journal = {Science of Computer Programming},
    volume = {61},
    number = {3},
    pages = {190 - 210},
    year = {2006},
    link = {http://www.sciencedirect.com/science/article/pii/S0167642306000669},
    author = {James R. Cordy},
}

@book{voelter13dsl,
    author = {Markus Völter and Sebastian Benz and Christian Dietrich and Birgit Engelmann and Mats Helander and Lennart C. L. Kats and Eelco Visser and Guido Wachsmuth},
    title = {{DSL} Engineering - Designing, Implementing and Using Domain-Specific Languages},
    publisher = {dslbook.org},
    year = {2013},
    link = {http://www.dslbook.org},
    topic = {model-driven software development,domain-specific languages,Programming languages},
    group = {SE},
}

@inproceedings{adams12layout,
    author = {Adams, Michael D.},
    title = {Principled Parsing for Indentation-Sensitive Languages: Revisiting {L}andin's Offside Rule},
    booktitle = {POPL},
    pages = {511--522},
    year = {2013},
}

@inproceedings{harrison97presentation,
    title = {Presentation by tree transformation},
    author = {Harrison, Michael A and Maverick, Vance},
    booktitle = {Compcon},
    pages = {68--73},
    year = {1997},
}

@inproceedings{khwaja93syntax,
    author = {Khwaja, Amir Ali and Urban, Joseph E.},
    title = {Syntax-directed Editing Environments: Issues and Features},
    booktitle = {SAC},
    year = {1993},
    pages = {230--237},
    numpages = {8},
    link = {http://doi.acm.org/10.1145/162754.162882},
    acmid = {162882},
    keyword = {support environments, syntax-directed editors, usability},
}

@book{bratko01prolog,
    title = {Prolog programming for artificial intelligence},
    author = {Bratko, Ivan},
    publisher = {Addison Wesley},
    year = {2001},
}

@article{neumann28theorie,
    title = {Zur {Theorie} der {Gesellschaftsspiele}},
    volume = {100},
    number = {1},
    journal = {Mathematische Annalen},
    author = {von Neumann, John},
    year = {1928},
    pages = {295--320},
}

@book{neumann44theory,
    title = {Theory of games and economic behavior},
    lccn = {30098},
    link = {http://archive.org/details/theoryofgamesand030098mbp},
    author = {von Neumann, John},
    publisher = {Princeton University Press},
    year = {1944},
}

@techreport{edwards61alpha,
    title = {The Alpha-Beta Heuristic},
    number = {AIM-30},
    institution = {MIT},
    author = {Daniel J. Edwards and Timothy P. Hart},
    year = {1961},
}

@inproceedings{diekmann14eco,
    author = {Lukas Diekmann and Laurence Tratt},
    title = {{Eco}: A language composition editor},
    booktitle = {SLE},
    pages = {82--101},
    year = {2014},
}

@techreport{robinson80loglisp,
    title = {{LOGLISP}: An Alternative to {PROLOG}},
    author = {Robinson, John Alan and Silbert, E.E.},
    institution = {Syracuse University},
    year = {1980},
}

@article{lapaime86logicon,
    author = {Lapaime, Guy and Chapleau, Suzanne},
    title = {Logicon: An Integration of Prolog into Icon},
    journal = {Software---Practice \& Experience},
    volume = {16},
    number = {10},
    year = {1986},
    pages = {925--944},
    numpages = {20},
    link = {http://dx.doi.org/10.1002/spe.4380161005},
    acmid = {21614},
}

@inproceedings{grimmer14dynamically,
    author = {Mathias Grimmer and Chris Seaton and Thomas W\"urthinger and Hanspeter M\"ossenb\"ock},
    title = {Dynamically Composing Languages in a Modular Way: Supporting {C} Extensions for Dynamic Languages},
    booktitle = {Modularity},
    year = {2015},
}

@inproceedings{wuerthinger13onevm,
    author = {W\"{u}rthinger, Thomas and Wimmer, Christian and W\"{o}\ss, Andreas and Stadler, Lukas and Duboscq, Gilles and Humer, Christian and
Richards, Gregor and Simon, Doug and Wolczko, Mario},
    title = {One {VM} to Rule Them All},
    booktitle = {Onward!},
    year = {2013},
    pages = {187--204},
    numpages = {18},
    link = {http://doi.acm.org/10.1145/2509578.2509581},
}

@inproceedings{ardo12loopaware,
    author = {Ard\"{o}, H{\aa}kan and Bolz, Carl Friedrich and FijaBkowski, Maciej},
    title = {Loop-aware Optimizations in {PyPy}'s Tracing {JIT}},
    booktitle = {Dynamic Languages Symposium},
    year = {2012},
    pages = {63--72},
    numpages = {10},
    link = {http://doi.acm.org/10.1145/2384577.2384586},
}

@inproceedings{gu06relative,
    author = {Gu, Dayong and Verbrugge, Clark and Gagnon, Etienne M.},
    booktitle = {VEE},
    year = {2006},
    pages = {111--121},
    title = {Relative Factors in Performance Analysis of {Java Virtual Machines}},
}

@article{georges07statistically,
    title = {Statistically rigorous {Java} performance evaluation},
    author = {Georges, Andy and Buytaert, Dries and Eeckhout, Lieven},
    volume = {42},
    number = {10},
    journal = {SIGPLAN Not.},
    year = {2007},
    pages = {57--76},
}

@inproceedings{grimmer15dynamically,
    title = {Dynamically Composing Languages in a Modular Way: Supporting {C} Extensions for Dynamic Languages},
    author = {Matthias Grimmer and Chris Seaton and Thomas W\"urthinger and Hanspeter M\"ossenb\"ock},
    year = {2015},
}

@inproceedings{hirzel07jeannie,
    author = {Martin Hirzel and Robert Grimm},
    title = {Jeannie: Granting Java Native Interface Developers Their Wishes},
    booktitle = {OOPSLA},
    year = {2007},
    pages = {19--38},
    numpages = {20},
}

@article{ridgway08ripls,
    author = {John Ridgway and Jack C. Wileden},
    title = {Reasoning About Multi-Lingual Exception Handling Using {RIPLS}},
    journal = {FICS},
    pages = {177--189},
    year = {2008},
}

@article{matthews09operational,
    author = {Matthews, Jacob and Findler, Robert Bruce},
    title = {Operational Semantics for Multi-language Programs},
    journal = {TOPLAS},
    volume = {31},
    number = {3},
    year = {2009},
    pages = {12:1--12:44},
    articleno = {12},
    numpages = {44},
}

@article{furr08checking,
    author = {Furr, Michael and Foster, Jeffrey S.},
    title = {Checking Type Safety of Foreign Function Calls},
    journal = {TOPLAS},
    volume = {30},
    number = {4},
    year = {2008},
    pages = {18:1--18:63},
    articleno = {18},
    numpages = {63},
    link = {http://doi.acm.org/10.1145/1377492.1377493},
}

@inproceedings{gray05finegrained,
    author = {Gray, Kathryn E. and Findler, Robert Bruce and Flatt, Matthew},
    title = {Fine-grained Interoperability Through Mirrors and Contracts},
    booktitle = {OOPSLA},
    year = {2005},
    pages = {231--245},
    numpages = {15},
    link = {http://doi.acm.org/10.1145/1094811.1094830},
}

@inproceedings{gray08safe,
    author = {Gray, Kathryn E.},
    title = {Safe Cross-Language Inheritance},
    booktitle = {ECOOP},
    year = {2008},
    pages = {52--75},
    numpages = {24},
    link = {http://dx.doi.org/10.1007/978-3-540-70592-5_4},
}

@inproceedings{bolz13strategies,
    author = {Bolz, Carl Friedrich and Diekmann, Lukas and Tratt, Laurence},
    title = {Storage Strategies for Collections in Dynamically Typed Languages},
    booktitle = {OOPSLA},
    year = {2013},
    pages = {167--182},
}

@misc{marsaglia94rng,
    title = {Yet another {RNG}},
    author = {George Marsaglia},
    year = {1994},
    howpublished = {\texttt{sci.stat.math}},
    link = {http://goo.gl/HStOFJ},
}

@misc{oneill15pcg,
    title = {{PCG}: A Family of Simple Fast Space-Efficient Statistically Good Algorithms for Random Number Generation},
    author = {Melissa E. O'Neil},
    year = {2015},
    notes = {To appear},
}

@article{anderson94fannkuch,
    author = {Anderson, Kenneth R. and Rettig, Duane},
    title = {Performing {Lisp} analysis of the {Fannkuch} benchmark},
    journal = {Lisp Pointers},
    volume = {7},
    number = {4},
    year = {1994},
    pages = {2--12},
    numpages = {11},
    link = {http://doi.acm.org/10.1145/382109.382124},
    acmid = {382124},
}

@article{sannella93deltablue,
    author = {Sannella, Michael and Maloney, John and Freeman-Benson, Bjorn and Borning, Alan},
    title = {Multi-way versus one-way constraints in user interfaces: Experience with the {DeltaBlue} algorithm},
    journal = {SPE},
    volume = {23},
    number = {5},
    link = {http://dx.doi.org/10.1002/spe.4380230507},
    pages = {529--566},
    year = {1993},
}

@inproceedings{chambers89efficient,
    title = {An efficient implementation of {SELF} a dynamically-typed object-oriented language based on prototypes},
    link = {http://portal.acm.org/citation.cfm?id=74884},
    booktitle = {OOPSLA},
    author = {Chambers, Craig and Ungar, David and Elgin Lee},
    year = {1989},
    keyword = {self, specialization},
}

@article{sullivan99analysis,
    author = {Sullivan, Kevin J. and Marchukov, Mark and Socha, John},
    journal = {TOSE},
    title = {Analysis of a conflict between aggregation and interface negotiation in {Microsoft}'s Component Object Model},
    year = {1999},
    volume = {25},
    number = {4},
    pages = {584-599},
}

@inproceedings{filaretti14phpsemantics,
    title = {An Executable Formal Semantics of {PHP}},
    author = {Filaretti, Daniele and Maffeis, Sergio},
    year = {2014},
    booktitle = {ECOOP},
    link = {http://dx.doi.org/10.1007/978-3-662-44202-9_23},
    pages = {567-592},
}

@inproceedings{politz13monty,
    author = {Politz, Joe Gibbs and Martinez, Alejandro and Milano, Matthew and
Warren, Sumner and Patterson, Daniel and Li, Junsong and Chitipothu, Anand and Krishnamurthi, Shriram},
    title = {Python: The Full {Monty}},
    booktitle = {OOPSLA},
    year = {2013},
    pages = {217--232},
    numpages = {16},
    link = {http://doi.acm.org/10.1145/2509136.2509536},
    acmid = {2509536},
}

@inproceedings{baumann15pycket,
    author = {Baumann, Spenser and Bolz, Carl Friedrich and Hirschfeld, Robert
and Kirilichev, Vasily and Pape, Tobias and Siek, Jeremy and
Tobin-Hochstadt, Sam},
    title = {Pycket: A Tracing {JIT} For a Functional Language},
    booktitle = {ICFP},
    year = {2015},
}

@inproceedings{latter04llvm,
    author = {Chris Lattner and Vikram Adve},
    title = {{LLVM}: A Compilation Framework for Lifelong Program Analysis \& Transformation},
    booktitle = {CGO},
    year = {2004},
}

@inproceedings{marr15tracing,
    author = {Stefan Marr},
    title = {Tracing vs.~Partial Evaluation: Comparing Meta-Compilation Approaches for Self-Optimizing Interpreters},
    year = {2015},
    booktitle = {OOPSLA},
    pages = {821-839},
    link = {http://doi.acm.org/10.1145/2814270.2814275},
}

@article{bcg12internet,
    title = {The Internet Economy in the {G-20}},
    author = {BCG},
    year = {2012},
}

@inproceedings{adams14hiphop,
    author = {Adams, Keith and Evans, Jason and Maher, Bertrand and Ottoni, Guilherme and Paroski, Andrew and Simmers, Brett and Smith, Edwin and Yamauchi, Owen},
    title = {The {HipHop} Virtual Machine},
    booktitle = {OOPSLA},
    year = {2014},
    pages = {777--790},
    numpages = {14},
    link = {http://doi.acm.org/10.1145/2660193.2660199},
    acmid = {2660199},
}

@inproceedings{o_cinneide12experimental,
    author = {Mel {\'O} Cinn{\'e}ide and Laurence Tratt and Mark Harman and Steve Counsell and Iman Hemati Moghadam},
    title = {Experimental assessment of software metrics using automated
refactoring},
    booktitle = {ESEM},
    year = {2012},
    pages = {49-58},
    ee = {http://doi.acm.org/10.1145/2372251.2372260},
}

@inproceedings{androutsopoulos09control,
    author = {Kelly Androutsopoulos and David Clark and Mark Harman and Zheng Li and Laurence Tratt},
    title = {Control dependence for extended finite state machines},
    booktitle = {FASE},
    year = {2009},
    pages = {216-230},
}

@misc{qvt05finalspec,
    title = {{MOF} {QVT} Final Adopted Specification},
    author = {Wim Bast and Mariano Belaunde and Xavier Blanc and Keith Duddy and Catherine Griffin and Simon Helsen and Michael Lawley and Michael Murphree and Sreedhar Reddy and Shane Sendall and Jim Steel and Laurence Tratt and R. Venkatesh and Didier Vojtisek},
    year = {2005},
    note = {{OMG} document ptc/05-11-01},
}

@inproceedings{sullivan01dynamic,
    title = {Dynamic {Partial} {Evaluation}},
    booktitle = {PADO},
    author = {Sullivan, Gregory T.},
    year = {2001},
    pages = {238--256},
}

@inproceedings{bruening08process,
    author = {Bruening, Derek and Kiriansky, Vladimir},
    title = {Process-shared and Persistent Code Caches},
    booktitle = {VEE},
    year = {2008},
    pages = {61--70},
    numpages = {10},
    link = {http://doi.acm.org/10.1145/1346256.1346265},
    acmid = {1346265},
    keyword = {binary translation, dynamic instrumentation, software code cache, tool scalability},
}

@inproceedings{chevalier15basicblock,
    author = {Maxime Chevalier-Boisvert and Marc Feeley},
    title = {Simple and Effective Type Check Removal through Lazy Basic Block Versioning},
    booktitle = {ECOOP},
    year = {2005},
}

@phdthesis{barrett14range,
    author = {Edd Barrett},
    title = {Range Analysis of Binaries using Decision Procedures},
    year = {2014},
    school = {University of Kent},
}

@inproceedings{barrett10range,
    title = {Range and Set Abstraction using {SAT}},
    author = {Edd Barrett and Andy King},
    booktitle = {Numeric Symbolic Abstract Domains},
    volume = {267},
    number = {1},
    pages = {17--27},
    year = {2010},
}

@inproceedings{barrett12range,
    title = {Range Analysis of Binaries with Minimal Effort},
    author = {Edd Barrett and Andy King},
    booktitle = {FMICS},
    pages = {93--107},
    year = {2012},
}

@phdthesis{bolz14metatracing,
    title = {Meta-Tracing Just-in-Time Compilation for {RPython}},
    link = {http://docserv.uni-duesseldorf.de/servlets/DocumentServlet?id=30464},
    school = {Heinrich-Heine-Universität Düsseldorf},
    author = {Bolz, Carl Friedrich},
    year = {2014},
}

@misc{klabnik18rust,
    author = {Steve Klabnik and Carol Nichols},
    title = {The {Rust} Programming Language},
    year = {2018},
    publisher = {No Starch Press},
}

@inproceedings{mytkowicz09surprising,
    author = {Mytkowicz, Todd and Diwan, Amer and Hauswirth, Matthias and Sweeney, Peter F.},
    title = {Producing Wrong Data Without Doing Anything Obviously Wrong!},
    booktitle = {ASPLKS},
    year = {2009},
    pages = {265--276},
    link = {http://doi.acm.org/10.1145/1508284.1508275},
    acmid = {1508275},
}

@inproceedings{gil11microbenchmark,
    author = {Gil, Joseph Yossi and Lenz, Keren and Shimron, Yuval},
    title = {A Microbenchmark Case Study and Lessons Learned},
    booktitle = {VMIL},
    year = {2011},
    link = {http://doi.acm.org/10.1145/2095050.2095100},
    acmid = {2095100},
}

@article{fleming86notlying,
    author = {Fleming, Philip J. and Wallace, John J.},
    title = {How Not to Lie with Statistics: The Correct Way to Summarize Benchmark Results},
    journal = {Commun.~ACM},
    volume = {29},
    number = {3},
    year = {1986},
    pages = {218--221},
    numpages = {4},
    link = {http://doi.acm.org/10.1145/5666.5673},
    acmid = {5673},
}

@article{barrett15approaches,
    author = {Barrett, Edd and Bolz, Carl Friedrich and Tratt, Laurence},
    title = {Approaches to Interpreter Composition},
    year = {2015},
    volume = {44},
    number = {C},
    journal = {COMLAN},
    link = {http://arxiv.org/abs/1409.0757},
}

@inproceedings{grimmer15interop,
    author = {Grimmer, Matthias and Seaton, Chris and Schatz, Roland and W\"{u}rthinger, Thomas and M\"{o}ssenb\"{o}ck, Hanspeter},
    title = {High-performance Cross-language Interoperability in a Multi-language Runtime},
    booktitle = {DLS},
    year = {2015},
    pages = {78--90},
    numpages = {13},
    link = {http://doi.acm.org/10.1145/2816707.2816714},
    acmid = {2816714},
}

@inproceedings{curtsinger13stabilizer,
    author = {Charlie Curtsinger and Emery D. Berger},
    title = {Stabilizer: Statistically sound performance evaluation},
    booktitle = {ASPLOS},
    year = {2013},
    link = {http://dx.doi.org/10.1145/2451116.2451141},
}

@phdthesis{seaton15phd,
    title = {Specialising Dynamic Techniques for Implementing the Ruby Programming Language},
    author = {Chris Seaton},
    school = {University of Manchester},
    year = {2015},
}

@inproceedings{barrett16warmup,
    author = {Barrett, Edd and
Bolz-Tereick, Carl Friedrich and
Killick, Rebecca and
Knight, Vincent and
Mount, Sarah and
Tratt, Laurence},
    title = {Virtual Machine Warmup Blows Hot and Cold},
    booktitle = {OOPSLA},
    year = {2017},
}

@misc{pstate,
    title = {Intel {P-state driver}, {Linux} Kernel Documentation},
    howpublished = {\href{https://www.kernel.org/doc/Documentation/cpu-freq/intel-pstate.txt}{https://www.kernel.org/doc/Documentation/cpu-freq/intel-pstate.txt}},
    note = {Accessed: 2016-01-15},
    year = {2014},
    author = {The Linux Kernel Developers},
}

@misc{tickless,
    year = {2013},
    title = {{NO\_HZ}: Reducing Scheduling-Clock Ticks, {Linux} Kernel Documentation},
    note = {Accessed: 2017-09-01},
    howpublished = {\href{https://www.kernel.org/doc/Documentation/timers/NO\_HZ.txt}{https://www.kernel.org/\-doc/Documentation\-/timers/NO\_HZ.txt}},
    author = {Linux},
}

@inproceedings{chang09tamarin,
    author = {Chang, Mason and Smith, Edwin and Reitmaier, Rick and Bebenita, Michael and Gal, Andreas and Wimmer, Christian and Eich, Brendan and Franz, Michael},
    title = {Tracing for Web 3.0: Trace Compilation for the Next Generation Web Applications},
    booktitle = {VEE},
    year = {2009},
    pages = {71--80},
    numpages = {10},
    link = {http://doi.acm.org/10.1145/1508293.1508304},
    acmid = {1508304},
}

@inproceedings{soares10flexsc,
    author = {Soares, Livio and Stumm, Michael},
    title = {{FlexSC}: Flexible System Call Scheduling with Exception-less System Calls},
    booktitle = {OSDI},
    year = {2010},
    pages = {1--8},
    numpages = {8},
}

@misc{blizzard10improving,
    author = {Chris Blizzard},
    title = {Improving {JavaScript} performance with {JägerMonkey}},
    year = {2010},
    howpublished = {https://goo.gl/v6jiyL},
}

@inproceedings{chevalier16interprocedural,
    title = {Interprocedural Type Specialization of {JavaScript} Programs Without Type Analysis},
    author = {Maxime Chevalier-Boisvert and Marc Feeley},
    booktitle = {ECOOP},
    year = {2016},
}

@inproceedings{barrett16finegrained,
    author = {Barrett, Edd and Bolz, Carl Friedrich and Diekmann, Lukas and Tratt, Laurence},
    title = {Fine-grained Language Composition: A Case Study},
    year = {2016},
    booktitle = {ECOOP},
    link = {http://arxiv.org/abs/1503.08623},
}

@inproceedings{bolz16sqpyte,
    author = {Carl Friedrich Bolz and Darya Kurilova and Laurence Tratt},
    title = {Making an Embedded {DBMS} {JIT}-friendly},
    year = {2016},
    booktitle = {ECOOP},
    link = {http://arxiv.org/abs/1503.08623},
}

@misc{clbg,
    author = {Doug Bagley and Brent Fulgham and Isaac Gouy},
    title = {The Computer Language Benchmarks Game},
    howpublished = {\url{http://benchmarksgame.alioth.debian.org/}},
    note = {Accessed: 2017-09-01},
    year = {2004},
}

@techreport{ratanaworabhan09jsmeter,
    title = {{JSMeter}: Characterizing Real-World Behavior of {JavaScript} Programs},
    author = {Paruj Ratanaworabhan and Benjamin Livshits and David Simmons and Benjamin Zorn},
    year = {2009},
    institution = {Microsoft Research},
    number = {MSR-TR-2009-173},
}

@inproceedings{dacapo06,
    title = {The {DaCapo} Benchmarks: {J}ava Benchmarking Development and Analysis},
    author = {Blackburn, Stephen M. and Garner, Robin and Hoffmann, Chris and Khang, Asjad M. and McKinley, Kathryn S. and Bentzur, Rotem and Diwan, Amer and Feinberg, Daniel and Frampton, Daniel and Guyer, Samuel Z. and Hirzel, Martin and Hosking, Antony and Jump, Maria and Lee, Han and Moss, J. Eliot B. and Phansalkar, Aashish and Stefanovi\'{c}, Darko and VanDrunen, Thomas and von Dincklage, Daniel and Wiedermann, Ben},
    booktitle = {OOPSLA},
    year = {2006},
    pages = {169--190},
}

@inproceedings{charles09turboboost,
    author = {James Charles and Preet Jassi and Ananth Narayan S and Abbas Sadat and Alexandra Fedorova},
    title = {Evaluation of the {Intel} {Core} i7 Turbo Boost Feature},
    booktitle = {IISWC},
    year = {2009},
    link = {http://www.cs.sfu.ca/~fedorova/papers/TurboBoostEvaluation.pdf},
}

@misc{octane,
    title = {Octane benchmark suite},
    howpublished = {\href{https://developers.google.com/octane/}{https://developers.google.com/octane/}},
    note = {Accessed: 2017-09-01},
    year = {2012},
    author = {Google},
}

@book{tukey77exploratory,
    title = {Exploratory Data Analysis},
    author = {John Tukey},
    year = {1977},
    lccn = {76005080},
    link = {https://books.google.co.uk/books?id=UT9dAAAAIAAJ},
}

@incollection{eckley11analysis,
    title = {Analysis of Changepoint Models},
    author = {Eckley, Idris and Fearnhead, Paul and Killick, Rebecca},
    booktitle = {Bayesian Time Series Models},
    year = {2011},
    editor = {Barber, D. And Cemgil, T. And Chiappa, S.},
}

@article{killick14changepoint,
    title = {changepoint: An {R} Package for Changepoint Analysis},
    author = {Rebecca Killick and Idris Eckley},
    journal = {J.~Stat.~Soft.},
    year = {2014},
    number = {1},
    pages = {1--19},
    volume = {58},
    link = {https://www.jstatsoft.org/index.php/jss/article/view/v058i03},
}

@article{killick12optimal,
    title = {Optimal Detection of Changepoints With a Linear Computational Cost},
    author = {Rebecca Killick and Paul Fearnhead and Idris Eckley},
    journal = {J.~Am.~Stat.~Assoc.},
    year = {2012},
    number = {500},
    pages = {1590-1598},
    volume = {107},
    link = {http://dx.doi.org/10.1080/01621459.2012.737745},
}

@inproceedings{kalibera05precision,
    title = {Benchmark precision and random initial state},
    author = {Kalibera, Tomas and Bulej, Lubomir and Tuma, Petr},
    booktitle = {SPECTS},
    year = {2005},
}

@article{berger15programlogics,
    title = {Program Logics for Homogeneous Generative Run-Time Meta-Programming},
    author = {Martin Berger and Laurence Tratt},
    journal = {LMCS},
    volume = {11},
    number = {1},
    year = {2015},
}

@article{chen16robust,
    author = {Jiahao Chen and Jarrett Revels},
    title = {Robust benchmarking in noisy environments},
    journal = {CoRR},
    volume = {abs/1608.04295},
    year = {2016},
    link = {http://arxiv.org/abs/1608.04295},
    timestamp = {Wed, 07 Jun 2017 14:41:20 +0200},
    biburl = {http://dblp.uni-trier.de/rec/bib/journals/corr/ChenR16},
    bibsource = {dblp computer science bibliography, http://dblp.org},
}

@article{antoch97effect,
    author = {Antoch, Jaromir and Huskova, Marie and Prášková, Zuzana},
    title = {Effect of dependence on statistics for determination of change},
    year = {1997},
    pages = {291-310},
    volume = {60},
    journal = {Journal of Statistical Planning and Inference},
}

@manual{intel17pstate,
    title = {Intel 64 and IA-32 Architectures Software Developer’s Manual: P-State Hardware Coordination},
    author = {Intel},
    year = {2017},
}

@article{corchuelo02repairing,
    author = {Corchuelo, Rafael and Antonio Pérez, José and Ruiz-Cortés, Antonio and Toro, Miguel},
    year = {2002},
    pages = {698-710},
    title = {Repairing syntax errors in {LR} parsers},
    volume = {24},
    journal = {TOPLAS},
}

@phdthesis{cerecke03phd,
    title = {Locally least-cost error repair in {LR} parsers},
    author = {Carl Cerecke},
    school = {University of Canterbury},
    year = {2003},
}

@article{deJonge12natural,
    author = {de Jonge, Maartje and Kats, Lennart C. L. and Visser, Eelco and S\"{o}derberg, Emma},
    title = {Natural and Flexible Error Recovery for Generated Modular Language Environments},
    journal = {TOPLAS},
    year = {2012},
    volume = {34},
    number = {4},
    pages = {15:1--15:50},
    articleno = {15},
    numpages = {50},
}

@article{kimyi10astar,
    author = {Kim, Ik-Soon and Yi, Kwangkeun},
    title = {{LR} error repair using the {A*} algorithm},
    year = {2010},
    pages = {179-207},
    volume = {47},
    journal = {Acta Inf.},
}

@inproceedings{pottier16reachability,
    author = {Pottier, Fran\c{c}ois},
    title = {Reachability and Error Diagnosis in {LR}(1) Parsers},
    booktitle = {CC},
    year = {2016},
    pages = {88--98},
}

@article{gomezrodriguez10error,
    title = {Error-repair parsing schemata},
    author = {Carlos Gómez-Rodríguez and Miguel A. Alonso and Manuel Vilares},
    journal = {TCS},
    volume = {411},
    number = {7},
    pages = {1121 - 1139},
    year = {2010},
}

@article{mckenzie95error,
    author = {McKenzie, Bruce J. and Yeatman, Corey and de Vere, Lorraine},
    title = {Error Repair in Shift-reduce Parsers},
    journal = {TOPLAS},
    volume = {17},
    number = {4},
    year = {1995},
    pages = {672--689},
    acmid = {210193},
}

@article{aho72minimum,
    author = {Aho, Alfred and G. Peterson, Thomas},
    year = {1972},
    pages = {305-312},
    title = {A Minimum Distance Error-Correcting Parser for Context-Free Languages},
    volume = {1},
    booktitle = {J.~Comput.},
}

@inproceedings{rajasekaran16error,
    author = {Rajasekaran, Sanguthevar and Nicolae, Marius},
    title = {An Error Correcting Parser for Context Free Grammars that Takes Less Than Cubic Time},
    booktitle = {LATA},
    year = {2016},
}

@techreport{fischer79locally,
    author = {C. N. Fischer and B. A. Dion and J. Mauney},
    title = {A Locally Least-Cost {LR}-Error Corrector},
    institution = {University of Wisconsin},
    number = {363},
    year = {1979},
}

@inproceedings{fischer84poe,
    title = {The {Poe} language-based editor project},
    author = {Fischer, Charles N. and Johnson, Gregory F. and Mauney, Jon and Pal, Anil and Stock, Daniel L.},
    booktitle = {SEN},
    volume = {9},
    number = {3},
    pages = {21--29},
    year = {1984},
}

@article{fischer92aladin,
    title = {{ALADIN}: A scanner generator for incremental programming environments},
    author = {Fischer, Bernd and Hammer, Carsten and Struckmann, Werner},
    journal = {SPE},
    volume = {22},
    number = {11},
    pages = {1011--1025},
    year = {1992},
}

@article{bahlke86psg,
    title = {The {PSG} system: from formal language definitions to interactive programming environments},
    author = {Bahlke, Rolf and Snelting, Gregor},
    journal = {TOPLAS},
    volume = {8},
    number = {4},
    pages = {547--576},
    year = {1986},
}

@article{ballance92pan,
    title = {The {Pan} language-based editing system},
    author = {Ballance, Robert A. and Graham, Susan L. and Van De Vanter, Michael L.},
    journal = {TOSEM},
    volume = {1},
    number = {1},
    pages = {95--127},
    year = {1992},
}

@article{degano95comparison,
    author = {Degano, Pierpaolo and Priami, Corrado},
    title = {Comparison of syntactic error handling in {LR} parsers},
    journal = {SPE},
    volume = {25},
    number = {6},
    pages = {657--679},
    year = {1995},
}

@techreport{johnson75yacc,
    author = {S. C. Johnson},
    title = {{YACC}: {Y}et {A}nother {C}ompiler-{C}ompiler},
    institution = {Bell Labs},
    number = {Comp.~Sci.~32},
    year = {1975},
}

@article{pager77practical,
    author = {Pager, David},
    title = {A practical general method for constructing {LR}(k) parsers},
    journal = {Acta Inf.},
    year = {1977},
    volume = {7},
    number = {3},
    pages = {249--268},
}

@article{denny10ielr,
    author = {Denny, Joel E. and Malloy, Brian A.},
    title = {The {IELR}(1) Algorithm for Generating Minimal {LR}(1) Parser Tables for non-{LR}(1) Grammars with Conflict Resolution},
    journal = {SCICO},
    volume = {75},
    number = {11},
    year = {2010},
    pages = {943--979},
}

@inproceedings{santos18syntax,
    author = {Eddie Antonio Santos and Joshua Charles Campbell and Dhvani Patel
and Abram Hindle and José Nelson Amaral},
    title = {Syntax and Sensibility: Using language models to detect and correct
syntax errors},
    booktitle = {SANER},
    pages = {1--11},
    year = {2018},
}

@inproceedings{nienaltowski08error,
    author = {Nienaltowski, Marie-Hélène and Pedroni, Michela and Meyer, Bertrand},
    title = {Compiler Error Messages: What Can Help Novices?},
    booktitle = {SIGCSE},
    year = {2008},
    pages = {168--172},
}

@inproceedings{prather17novices,
    author = {Prather, James and Pettit, Raymond and McMurry, Kayla Holcomb and
Peters, Alani and Homer, John and Simone, Nevan and Cohen, Maxine},
    title = {On Novices' Interaction with Compiler Error Messages: {a} Human
Factors Approach},
    booktitle = {ICER},
    year = {2017},
    pages = {74--82},
}

@article{bertsch99failure,
    author = {Bertsch, Eberhard and Nederhof, Mark-Jan},
    title = {On Failure of the Pruning Technique in ``Error Repair in Shift-reduce Parsers''},
    journal = {TOPLAS},
    year = {1999},
    volume = {21},
    number = {1},
    pages = {1--10},
}

@article{hart68astar,
    author = {Peter E. Hart and Nils J. Nilsson and Bertram Raphael},
    journal = {Transactions on Systems Science and Cybernetics},
    title = {A Formal Basis for the Heuristic Determination of Minimum Cost Paths},
    year = {1968},
    volume = {4},
    number = {2},
    pages = {100-107},
}

@inproceedings{brown14blackbox,
    author = {Neil C. C. Brown and Michael K{\"o}lling and Davin McCall and Ian Utting},
    booktitle = {SIGCSE},
    title = {Blackbox: A Large Scale Repository of Novice Programmers Activity},
    year = {2014},
}

@inproceedings{dejonge12automated,
    author = {Maartje de Jonge and Eelco Visser},
    booktitle = {ASE},
    title = {Automated evaluation of syntax error recovery},
    year = {2012},
    pages = {322-325},
}

@inproceedings{zaytsev14formal,
    author = {Vadim Zaytsev},
    title = {Formal foundations for semi-parsing},
    booktitle = {SMR},
    year = {2014},
    pages = {313-317},
}

@inproceedings{wyk07context,
    author = {Van Wyk, Eric R. and Schwerdfeger, August C.},
    title = {Context-aware Scanning for Parsing Extensible Languages},
    booktitle = {GPCE},
    year = {2007},
    pages = {63--72},
}

@inproceedings{vanter00displaying,
    author = {Van De Vanter, Michael and Boshernitsan, Marat},
    title = {Displaying and Editing Source Code in Software Engineering Environments},
    booktitle = {CoSET},
    year = {2000},
}

@inproceedings{vanter94practical,
    title = {Practical language-based editing for software engineers},
    author = {Van De Vanter, Michael L},
    booktitle = {SE-HCI},
    pages = {251--267},
    year = {1994},
}

@incollection{lewis95designing,
    title = {Designing for error},
    author = {Lewis, Clayton and Norman, Donald A},
    booktitle = {HCI},
    pages = {686--697},
    year = {1995},
}

@article{efron79bootstrap,
    author = {Efron, Bradley},
    title = {Bootstrap Methods: Another Look at the Jackknife},
    journal = {Ann.~Statist.},
    number = {1},
    pages = {1--26},
    volume = {7},
    year = {1979},
}

@inproceedings{eijck07accept,
    author = {Jan van Eijck},
    title = {Let's Accept Rejects, But Only After Repairs},
    year = {2007},
    booktitle = {Liber Amicorum for Paul Klint},
    pages = {117-128},
}

@article{tomita87efficient,
    author = {Masaru Tomita},
    title = {An Efficient Augmented-Context-Free Parsing Algorithm},
    journal = {Comput. Linguist.},
    volume = {13},
    number = {1-2},
    year = {1987},
    pages = {31--46},
}

@book{ierusalimschy16lua,
    author = {Roberto Ierusalimschy},
    title = {Programming in {Lua}},
    edition = {Fourth},
    year = {2016},
}

@inproceedings{russell06biased,
    author = {Russell, Kenneth and Detlefs, David},
    title = {Eliminating Synchronization-related Atomic Operations with Biased Locking and Bulk Rebiasing},
    booktitle = {OOPSLA},
    year = {2006},
    pages = {263--272},
}

@inproceedings{ilbeyi17crosslayer,
    author = {Berkin Ilbeyi and Carl Friedrich Bolz-Tereick and Christopher Batten},
    title = {Cross-layer workload characterization of meta-tracing {JIT} {VMs}},
    booktitle = {IISWC},
    year = {2017},
    page = {97-107},
}

@phdthesis{gal06efficient,
    author = {Andreas Gal},
    title = {Efficient Bytecode Verification and Compilation in a Virtual Machine},
    school = {University of California, Irvine},
    year = {2006},
}

@inproceedings{medeiros18syntax,
    author = {Medeiros, S\'ergio and Mascarenhas, Fabio},
    title = {Syntax Error Recovery in Parsing Expression Grammars},
    booktitle = {SAC},
    year = {2018},
    pages = {1195--1202},
}

@article{turner77error,
    author = {D. A. Turner},
    title = {Error diagnosis and recovery in one pass compilers},
    journal = {IPL},
    volume = {6},
    number = {4},
    pages = {113--115},
    year = {1977},
}

@article{mccarthy60recursive,
    author = {McCarthy, John},
    title = {Recursive Functions of Symbolic Expressions and Their Computation by Machine, Part I},
    journal = {Commun.~ACM},
    volume = {3},
    number = {4},
    pages = {184--195},
    year = {1960},
}

@article{kernighan70efficient,
    author = {B. W. Kernighan and S. Lin},
    title = {An efficient heuristic procedure for partitioning graphs},
    journal = {The Bell System Technical Journal},
    volume = {49},
    number = {2},
    pages = {291--307},
    year = {1970},
}

@inproceedings{bacon01concurrent,
    title = {Concurrent cycle collection in reference counted systems},
    author = {Bacon, David F and Rajan, Vadakkedathu T},
    booktitle = {ECOOP},
    pages = {207--235},
    year = {2001},
}

@book{jones16garbage,
    author = {Jones, Richard and Hosking, Antony and Moss, Eliot},
    title = {The Garbage Collection Handbook: the Art of Automatic Memory Management},
    year = {2016},
    publisher = {Chapman and Hall/CRC},
}

@article{boehm88garbage,
    author = {Boehm, Hans-Juergen and Weiser, Mark},
    title = {Garbage collection in an uncooperative environment},
    journal = {SPE},
    volume = {18},
    number = {9},
    pages = {807--820},
    year = {1988},
}

@inproceedings{boehm93space,
    author = {Boehm, Hans-Juergen},
    title = {Space Efficient Conservative Garbage Collection},
    booktitle = {PLDI},
    volume = {28},
    number = {6},
    pages = {197--206},
    year = {1993},
}

@inproceedings{blackburn03ulterior,
    author = {Blackburn, Stephen M. and McKinley, Kathryn S.},
    title = {Ulterior Reference Counting: Fast Garbage Collection Without a Long Wait},
    booktitle = {OOPSLA},
    volume = {38},
    number = {11},
    year = {2003},
    pages = {344--358},
}

@inproceedings{blackburn04myths,
    author = {Blackburn, Stephen M. and Cheng, Perry and McKinley, Kathryn S.},
    title = {Myths and Realities: The Performance Impact of Garbage Collection},
    booktitle = {ICMMCS},
    volume = {32},
    number = {1},
    year = {2004},
    pages = {25--36},
}

@article{cheney70nonrecursive,
    author = {Cheney, C. J.},
    title = {A Nonrecursive List Compacting Algorithm},
    journal = {Commun.~ACM},
    volume = {13},
    number = {11},
    year = {1970},
    pages = {677--678},
}

@inproceedings{shahriyar12down,
    author = {Shahriyar, Rifat and Blackburn, Stephen M. and Frampton, Daniel},
    title = {Down for the Count? Getting Reference Counting Back in the Ring},
    booktitle = {ISMM},
    year = {2012},
    pages = {73--84},
}

@article{dijkstra78gc,
    author = {Dijkstra, Edsger W. and Lamport, Leslie and Martin, A. J. and Scholten, C. S. and Steffens, E. F. M.},
    title = {On-the-fly Garbage Collection: An Exercise in Cooperation},
    journal = {Commun.~ACM},
    volume = {21},
    number = {11},
    year = {1978},
    pages = {966--975},
}

@inproceedings{barany14python,
    author = {Barany, Gerg\"{o}},
    title = {Python Interpreter Performance Deconstructed},
    booktitle = {DYLA},
    year = {2014},
}

@techreport{gudeman95representing,
    title = {Representing type information in dynamically typed languages},
    number = {TR 93-27},
    author = {Gudeman, David},
    year = {1995},
}

@misc{manish15rustgc,
    title = {rust-gc},
    link = {https://github.com/Manishearth/rust-gc/},
    note = {Accessed: 2018-08-15},
    year = {2015},
    author = {Manish Goregaokar},
}

@book{holub90compilerdesign,
    author = {Allen I. Holub},
    title = {Compiler Design in {C}},
    year = {1990},
    publisher = {Prentice-Hall},
}

@techreport{ammann78error,
    author = {Urs Ammann},
    title = {Error recovery in recursive descent parsers},
    number = {136031},
    institution = {ETH Zürich},
    year = {1978},
}

@book{parr13definitive,
    title = {The definitive {ANTLR} 4 reference},
    author = {Terence Parr},
    year = {2013},
    publisher = {Pragmatic Bookshelf},
}

@article{medeiros19syntax,
    author = {Medeiros, S\'ergio and de Azevedo Alvez Junior, Gilney and Mascarenhas, Fabio},
    title = {Syntax Error Recovery in Parsing Expression Grammars},
    year = {2019},
    link = {https://arxiv.org/abs/1905.02145},
}

@techreport{vinju05typedriven,
    title = {A Type-driven Approach to Concrete Meta Programming},
    author = {Vinju, Jurgen},
    year = {2005},
    number = {SEN-E0507},
    institution = {CWI},
}

@inproceedings{batory98jts,
    title = {JTS: Tools for Implementing Domain-Specific Languages},
    author = {Batory, Don and Lofaso, Bernie and Smaragdakis, Yannis},
    booktitle = {ICSR},
    pages = {143--153},
    year = {1998},
}

@inproceedings{bravenboer05generalized,
    title = {Generalized type-based disambiguation of meta programs with concrete object syntax},
    author = {Bravenboer, Martin and Vermaas, Rob and Vinju, Jurgen and Visser, Eelco},
    booktitle = {GPCE},
    pages = {157--172},
    year = {2005},
}

@inproceedings{zook04generating,
    title = {Generating {AspectJ} programs with meta-{AspectJ}},
    author = {Zook, David and Huang, Shan Shan and Smaragdakis, Yannis},
    booktitle = {GPCE},
    pages = {1--18},
    year = {2004},
}

@article{richter85noncorrecting,
    author = {Richter, Helmut},
    title = {Noncorrecting Syntax Error Recovery},
    journal = {TOPLAS},
    volume = {7},
    number = {3},
    year = {1985},
    pages = {478--489},
}

@article{earley73efficient,
    author = {Earley, Jay},
    title = {An Efficient Context-free Parsing Algorithm},
    journal = {Commun. {ACM}},
    volume = {13},
    number = {2},
    year = {1970},
    pages = {94--102},
}

@techreport{deudekom93initial,
    author = {Arthur van Deudekom and Dick Grune and Peter Kooiman},
    title = {Initial experience with noncorrecting syntax error handling},
    number = {IR-339},
    institution = {Vrije Universiteit, Amsterdam},
    pages = {11},
    year = {1993},
}

@article{tratt08domain,
    author = {Laurence Tratt},
    title = {Domain Specific Language Implementation via Compile-Time Meta-Programming},
    journal = {TOPLAS},
    volume = {30},
    number = {6},
    year = {2008},
    pages = {1--40},
}

@phdthesis{diekmann18editing,
    author = {Lukas Diekmann},
    title = {Editing composed languages},
    year = {2019},
    school = {King's College London},
}

@inproceedings{cros17dynamic,
    author = {Fabrice Cros and Leonidas Kosmidis and Franck Wartel and David Morales and Jaume Abella and Ian Broster and Francisco J. Cazorla},
    title = {Dynamic software randomisation: Lessons learned from an aerospace case study},
    booktitle = {DATE},
    year = {2017},
    pages = {108-108},
}

@inproceedings{weaver13nondeterminism,
    author = {Vincent M. Weaver and Dan Terpstra and Shirley Moore},
    title = {Non-determinism and overcount on modern hardware performance counter implementations},
    booktitle = {ISPASS},
    pages = {215-224},
    year = {2013},
}

@phdthesis{oliveira15measuring,
    author = {Augusto Oliveira},
    title = {Measuring and Predicting Computer Software Performance: Tools and Approaches},
    school = {University of Waterloo},
    year = {2015},
}

@inproceedings{harji11troubles,
    author = {Ashif S. Harji and Peter A. Buhr and Tim Brecht},
    title = {Our Troubles with {Linux} and Why You Should Care},
    booktitle = {APSys},
    year = {2011},
}

@article{vanderkouwe18crimes,
    author = {Erik van der Kouwe and Dennis Andriesse and Herbert Bos and Cristiano Giuffrida and Gernot Heiser},
    title = {Benchmarking Crimes: An Emerging Threat in Systems Security},
    year = {2018},
    link = {http://arxiv.org/abs/1801.02381},
}

@inproceedings{oliveira14howmuch,
    author = {Augusto Oliveira and Jean-Christophe Petkovich and Sebastian Fischmeister},
    title = {How Much Does Memory Layout Impact Performance? {A} Wide Study},
    booktitle = {REPRODUCE},
    year = {2014},
}

@article{mcilroy19spectre,
    author = {Ross McIlroy and Jaroslav Sevc\'ik and Tobias Tebbi and Ben L. Titzer and Toon Verwaest},
    title = {{Spectre} is here to stay: An analysis of side-channels and speculative execution},
    year = {2019},
    link = {http://arxiv.org/abs/1902.05178},
}

@article{laaber19microbenchmarking,
    author = {Chrostoph Laaber and Joel Scheuner and Philipp Leitner},
    title = {Software microbenchmarking in the cloud. How bad is it really?},
    journal = {ESE},
    year = {2019},
}

@inproceedings{shin15amortised,
    author = {Shin Yoo},
    title = {Amortised Optimisation of Non-functional Properties in Production Environments},
    booktitle = {SBSE},
    year = {2015},
}

@inproceedings{rohou15branch,
    author = {Erven Rohou and Bharath Narasimha Swamy and André Seznec},
    title = {Branch Prediction and the Performance of Interpreters -- Don't Trust Folklore},
    booktitle = {CGO},
    year = {2015},
}

@inproceedings{prokopec19renaissance,
    author = {Aleksandar Prokopec and
Andrea Rosà and
David Leopoldseder and
Gilles Duboscq and
Petr Tůma and
Martin Studener and
Lubomír Bulej and
Yudi Zheng and
Alex Villazón and
Doug Simon and
Thomas Würthinger and
Walter Binder},
    title = {Renaissance: Benchmarking Suite for Parallel Applications on the {JVM}},
    booktitle = {PLDI},
    year = {2019},
}

@inproceedings{blazakis10interpreter,
    author = {Dionysus Blazakis},
    title = {Interpreter Exploitation},
    booktitle = {WOOT},
    year = {2010},
    link = {https://www.usenix.org/event/woot10/tech/full_papers/Blazakis.pdf},
}

@article{aycock03brief,
    author = {John Aycock},
    title = {A Brief History of {Just-In-Time}},
    journal = {ACM Comput. Surv.},
    volume = {35},
    number = {2},
    year = {2003},
    pages = {97--113},
    acmid = {857077},
}

@inproceedings{gawlik18jitspray,
    author = {Robert Gawlik and Thorsten Holz},
    title = {{SoK}: Make {JIT}-Spray Great Again},
    booktitle = {WOOT},
    year = {2018},
    link = {https://www.usenix.org/conference/woot18/presentation/gawlik},
}

@inproceedings{wilson17calltoarms,
    author = {Wilson Lian and Hovav Shacham and Stefan Savage},
    title = {A Call to ARMs: Understanding the Costs and Benefits of {JIT} Spraying Mitigations},
    booktitle = {NDSS},
    year = {2017},
}

@inproceedings{deutsch84efficient,
    author = {L. Peter Deutsch and Allan M. Schiffman},
    title = {Efficient Implementation of the {Smalltalk}-80 System},
    booktitle = {POPL},
    year = {1984},
    pages = {297--302},
}

@inproceedings{diekmann20dontpanic,
    author = {Lukas Diekmann and Laurence Tratt},
    title = {Don't Panic! {Better}, Fewer, Syntax Errors for {LR} Parsers},
    booktitle = {ECOOP},
    year = {2020},
}

@inproceedings{trudel13really,
    author = {Marco Trudel and Carlo A. Furia and Martin Nordio and Bertrand Meyer},
    title = {Really Automatic Scalable Object-Oriented Reengineering},
    booktitle = {ECOOP},
    pages = {477-501},
    year = {2013},
}

@inproceedings{carr17datashield,
    link = {https://doi.org/10.1145/3052973.3052983},
    year = {2017},
    author = {Scott A. Carr and Mathias Payer},
    title = {{DataShield}: Configurable Data Confidentiality and Integrity},
    booktitle = {ACCCS},
}

@article{woodruff19chericoncentrate,
    author = {Woodruff, Jonathan and Joannou, Alexandre and Xia, Hongyan and Fox, Anthony and Norton, Robert M. and Chisnall, David and Davis, Brooks and
Gudka, Khilan and Filardo, Nathaniel W. and Markettos, A. Theodore and
Roe, Michael and Neumann, Peter G. and Watson, Robert N. M. and
Moore, Simon W.},
    title = {{CHERI} {Concentrate}: Practical Compressed Capabilities},
    journal = {IEEE Transactions on Computers},
    year = {2019},
    volume = {68},
    number = {10},
    pages = {1455-1469},
}

@techreport{watson20chericprogramming,
    author = {Watson, Robert N. M. and Richardson, Alexander and Davis, Brooks and
Baldwin, John and Chisnall, David and Clarke, Jessica and
Filardo, Nathaniel and Moore, Simon W. and Napierala, Edward and
Sewell, Peter and Neumann, Peter G.},
    title = {{CHERI} {C/C++} Programming Guide},
    year = {2020},
    link = {https://www.cl.cam.ac.uk/techreports/UCAM-CL-TR-947.pdf},
    institution = {University of Cambridge},
    number = {UCAM-CL-TR-947},
}

@techreport{watson20cheriintroduction,
    author = {Robert N. M. Watson and Simon W. Moore and Peter Sewell and Peter G. Neumann},
    title = {An Introduction to CHERI},
    year = {2019},
    link = {https://www.cl.cam.ac.uk/techreports/UCAM-CL-TR-941.pdf},
    institution = {University of Cambridge},
    number = {UCAM-CL-TR-941},
}

@book{levy84capability,
    title = {Capability-based computer systems},
    author = {Levy, Henry M},
    year = {1984},
    publisher = {Digital Press},
    link = {https://homes.cs.washington.edu/~levy/capabook/},
}

@phdthesis{miller06robust,
    author = {Mark Samuel Miller},
    title = {Robust Composition: Towards a Unified Approach to
Access Control and Concurrency Control},
    year = {2006},
    school = {Johns Hopkins University},
    link = {http://erights.org/talks/thesis/},
}

@inproceedings{brooks19cheriabi,
    author = {Davis, Brooks and Watson, Robert N. M. and
Richardson, Alexander and Neumann, Peter G. and Moore, Simon W. and
Baldwin, John and Chisnall, David and Clarke, James and
Filardo, Nathaniel Wesley and Gudka, Khilan and Joannou, Alexandre and
Laurie, Ben and Markettos, A. Theodore and Maste, J. Edward and
Mazzinghi, Alfredo and Napierala, Edward Tomasz and
Norton, Robert M. and Roe, Michael and Sewell, Peter and
Son, Stacey and Woodruff, Jonathan},
    title = {{CheriABI}: Enforcing Valid Pointer Provenance and Minimizing Pointer Privilege in the {POSIX} {C} Run-Time Environment},
    year = {2019},
    link = {https://doi.org/10.1145/3297858.3304042},
    booktitle = {ASPLOS},
    pages = {379–393},
}

@inproceedings{xia29cherivoke,
    author = {Xia, Hongyan and Woodruff, Jonathan and Ainsworth, Sam and
Filardo, Nathaniel W. and Roe, Michael and Richardson, Alexander and
Rugg, Peter and Neumann, Peter G. and Moore, Simon W. and
Watson, Robert N. M. and Jones, Timothy M.},
    title = {{CHERIvoke}: Characterising Pointer Revocation Using {CHERI} Capabilities for Temporal Memory Safety},
    booktitle = {MICRO},
    pages = {545–557},
    year = {2019},
}

@inproceedings{coblenz21bronze,
    title = {Does the {Bronze} Garbage Collector Make {Rust} Easier to Use? {A} Controlled Experiment},
    booktitle = {ICSE},
    author = {Michael Coblenz and Michelle Mazurek and Michael Hicks},
    year = {2022},
}

@misc{cai21lbo,
    title = {An Empirical Lower Bound on the Overheads of Production Garbage Collectors},
    author = {Zixian Cai and Stephen M. Blackburn and Michael D. Bond and Martin Maas},
    year = {2021},
    link = {https://arxiv.org/abs/2112.07880},
}

@article{rouvoet20knowing,
    author = {Rouvoet, Arjen and van Antwerpen, Hendrik and Bach Poulsen, Casper and Krebbers, Robbert and Visser, Eelco},
    title = {Knowing When to Ask: Sound Scheduling of Name Resolution in Type Checkers Derived from Declarative Specifications},
    year = {2020},
    booktitle = {OOPSLA},
    link = {https://doi.org/10.1145/3428248},
}

@inproceedings{demers89combining,
    title = {Combining generational and conservative garbage collection: Framework and implementations},
    author = {Demers, Alan and Weiser, Mark and Hayes, Barry and Boehm, Hans and Bobrow, Daniel and Shenker, Scott},
    year = {1989},
    booktitle = {POPL},
}

@inproceedings{boehm03destructors,
    title = {Destructors, finalizers, and synchronization},
    author = {Boehm, Hans-J},
    year = {2003},
    booktitle = {POPL},
}

@article{degenbaev16idle,
    title = {Idle time garbage collection scheduling},
    author = {Degenbaev, Ulan and Eisinger, Jochen and Ernst, Manfred and
McIlroy, Ross and Payer, Hannes},
    year = {2016},
    booktitle = {PLDI},
    volume = {51},
    number = {6},
    pages = {570--583},
}

@article{parkinson17project,
    title = {Project Snowflake: Non-blocking safe manual memory management in {.NET}},
    author = {Parkinson, Matthew and Vytiniotis, Dimitrios and Vaswani, Kapil
and Costa, Manuel and Deligiannis, Pantazis and McDermott, Dylan and
Blankstein, Aaron and Balkind, Jonathan},
    year = {2017},
    booktitle = {OOPSLA},
    pages = {1--25},
    link = {https://doi.org/10.1145/3141879},
}

@inproceedings{lin16rust,
    title = {{Rust} as a language for high performance {GC} implementation},
    author = {Lin, Yi and Blackburn, Stephen and Hosking, Antony and Norrish, Michael},
    year = {2016},
    booktitle = {ISMM},
    pages = {89-98},
}

@misc{watson21assessing,
    title = {Assessing the Viability of an Open-Source CHERI Desktop Software},
    author = {Robert N. M. Watson and Ben Laurie and Alex Richardson},
    year = {2021},
    link = {https://www.capabilitieslimited.co.uk/pdfs/20210917-capltd-cheri-desktop-report-version1-FINAL.pdf},
}

@misc{servo,
    title = {Servo},
    howpublished = {\url{https://servo.org}},
    note = {Accessed: 2022-12-17},
    year = {2012},
    author = {Mozilla},
}

@misc{rustgc,
    title = {{rust-gc}: a simple tracing (mark and sweep) garbage collector for {Rust}},
    howpublished = {\url{https://github.com/manishearth/rust-gc/}},
    note = {Accessed: 2022-12-17},
    year = {2015},
    author = {Manish Goregaokar},
}

@misc{shifgrethor,
    title = {shifgrethor},
    howpublished = {\url{https://github.com/withoutboats/shifgrethor/}},
    note = {Accessed: 2022-12-17},
    year = {2018},
    author = {withoutboats},
}

@misc{luster,
    title = {{luster}: An experimental {Lua} {VM} implemented in pure {Rust}},
    howpublished = {\url{https://github.com/kyren/luster/}},
    note = {Accessed: 2022-12-17},
    year = {2018},
    author = {Catherine West},
}

@misc{v8,
    title = {The {V8} {JavaScript} engine},
    howpublished = {\url{https://v8.dev/}},
    note = {Accessed: 2022-12-17},
    year = {2008},
    author = {Google},
}

@misc{rebench18marr,
    title = {{ReBench}: Execute and document benchmarks reproducibly},
    howpublished = {\url{https://github.com/smarr/rebench}},
    note = {Accessed: 2022-12-19},
    year = {2018},
    author = {Stefan Marr},
}

@article{degenbaev18cross,
    title = {Cross-component garbage collection},
    author = {Degenbaev, Ulan and Eisinger, Jochen and Hara, Kentaro and Hlopko, Marcel and Lippautz, Michael and Payer, Hannes},
    year = {2018},
    booktitle = {OOPSLA},
    pages = {1-24},
}

@article{kalibera11handles,
    title = {Handles revisited: optimising performance and memory costs in a real-time collector},
    author = {Kalibera, Tomas and Jones, Richard},
    year = {2011},
    journal = {ACM SIGPLAN Notices},
    volume = {46},
    number = {11},
    pages = {89-98},
}

@misc{spidermonkey,
    title = {SpiderMonkey},
    howpublished = {\url{https://spidermonkey.dev}},
    note = {Accessed: 2023-02-16},
    year = {1995},
    author = {Mozilla},
}

@misc{webkit,
    title = {WebKit},
    howpublished = {\url{https://webkit.org}},
    note = {Accessed: 2023-02-16},
    year = {1998},
    author = {Apple},
}

@misc{pizlo17riptide,
    title = {Introducing {Riptide}: {WebKit}’s retreating wavefront concurrent garbage collector},
    author = {Filip Pizlo},
    year = {2017},
    howpublished = {\url{https://webkit.org/blog/7122/introducing-riptide-webkits-retreating-wavefront-concurrent-garbage-collector/}},
    note = {Accessed: 2023-02-16},
}

@misc{spidermonkeygc,
    title = {{SpiderMonkey} garbage collector},
    author = {Mozilla},
    howpublished = {\url{https://firefox-source-docs.mozilla.org/js/gc.html}},
    note = {Accessed: 2023-02-16},
    year = {2018},
}

@inproceedings{craciunas08compacting,
    title = {A compacting real-time memory management system},
    author = {Craciunas, Silviu S and Kirsch, Christoph M and Payer, Hannes and Sokolova, Ana and Stadler, Horst and Staudinger, Robert},
    booktitle = {USENIX ATC},
    pages = {349-362},
    year = {2008},
}

@inproceedings{caplinger88memory,
    author = {Michael A. Caplinger},
    title = {A Memory Allocator with Garbage Collection for {C}},
    booktitle = {USENIX},
    year = {1998},
    pages = {325--330},
}

@inproceedings{brooks84trading,
    author = {Brooks, Rodney A.},
    title = {Trading Data Space for Reduced Time and Code Space in Real-Time Garbage Collection on Stock Hardware},
    year = {1984},
    booktitle = {{LISP} and Functional Programming},
    pages = {256--262},
}

@inproceedings{shahriyar14fast,
    title = {Fast conservative garbage collection},
    author = {Rifat Shahriyar and Stephen M. Blackburn and Kathryn S. McKinley},
    booktitle = {OOPSLA},
    year = {2014},
    pages = {121-139},
}

@article{martin08common,
    author = {Martin, Robert A. and Barnum, Sean},
    title = {Common Weakness Enumeration (CWE) Status Update},
    year = {2008},
    issue_date = {April 2008},
    volume = {XXVIII},
    number = {1},
    link = {https://doi.org/10.1145/1387830.1387835},
    journal = {Ada Letters},
    pages = {88–91},
    numpages = {4},
}

@inproceedings{evans06scalable,
    title = {A scalable concurrent malloc(3) implementation for {FreeBSD}},
    author = {Evans, Jason},
    booktitle = {BSDCan},
    year = {2006},
    link = {https://people.freebsd.org/~jasone/jemalloc/bsdcan2006/jemalloc.pdf},
}

@inproceedings{lietar19snmalloc,
    author = {Li\'{e}tar, Paul and Butler, Theodore and Clebsch, Sylvan and Drossopoulou, Sophia and Franco, Juliana and Parkinson, Matthew J. and Shamis, Alex and Wintersteiger, Christoph M. and Chisnall, David},
    title = {Snmalloc: A Message Passing Allocator},
    year = {2019},
    link = {https://doi.org/10.1145/3315573.3329980},
    booktitle = {ISMM},
    pages = {122–135},
    numpages = {14},
    keyword = {Memory allocation, message passing},
}

@misc{lea96memory,
    title = {A memory allocator},
    author = {Doug Lea},
    year = {2000},
    link = {https://gee.cs.oswego.edu/dl/html/malloc.html},
}

@misc{gloger06ptmalloc,
    title = {ptmalloc},
    author = {Gloger, Wolfram},
    year = {2006},
    publisher = {Acesso em},
    link = {http://www.malloc.de/en/index.html},
    note = {\url{http://www.malloc.de/en/index.html}},
    urldate = {2023-02-27},
}

@misc{huseby22xalloc,
    title = {Sverre's Software for Unix/Linux},
    author = {Sverre H. Huseby},
    year = {2022},
    note = {\url{https://shh.thathost.com/pub-unix/#xalloc}},
    urldate = {2023-02-27},
}

@inproceedings{leijen19mimalloc,
    author = {Leijen, Daan and Zorn, Benjamin and de Moura, Leonardo},
    title = {Mimalloc: Free List Sharding in Action},
    booktitle = {APLAS},
    year = {2019},
    pages = {244--265},
}

@misc{boehm14artificial,
    author = {Boehm, Hans-Juergen},
    title = {An Artificial Garbage Collection Benchmark},
    year = {2014},
    link = {https://www.hboehm.info/gc/gc_bench.html},
    note = {\url{https://www.hboehm.info/gc/gc_bench.html}},
    urldate = {2023-03-01},
}

@misc{richards99bench,
    author = {Martin Richards},
    title = {Bench},
    year = {1999},
    link = {https://www.cl.cam.ac.uk/~mr10/Bench.html},
    note = {\url{https://www.cl.cam.ac.uk/~mr10/Bench.html}},
    urldate = {2023-03-01},
}

@misc{chromium20cssbug,
    title = {Issue 1046776: {{base::Optional<T>}} when compiled with clang leads to memory layout that is incompatible with conservative stack scanning},
    howpublished = {\url{https://bugs.chromium.org/p/chromium/issues/detail?id=1046776}},
    note = {Accessed: 2023-03-02},
    year = {2020},
    author = {Google},
}

@misc{speedometer,
    title = {Speedometer2.1 benchmark suite},
    howpublished = {\url{https://browserbench.org/Speedometer2.1/}},
    note = {Accessed: 2023-03-02},
    year = {2022},
    author = {WebKit},
}

@misc{spidermonkey18rooting,
    title = {{GC} Rooting Guide},
    author = {Mozilla},
    howpublished = {\url{https://github.com/mozilla-spidermonkey/spidermonkey-embedding-examples/blob/esr78/docs/GC\%20Rooting\%20Guide.md}},
    year = {2018},
    note = {Accessed: 2023-03-03},
}

@book{krasner83smalltalk,
    title = {{Smalltalk-80}: Bits of history, words of advice},
    author = {Glenn Krasner},
    publisher = {Addison-Wesley},
    year = {1983},
}

@article{armbruster07real,
    title = {A real-time {{Java}} virtual machine with applications in avionics},
    author = {Armbruster, Austin and Baker, Jason and Cunei, Antonio and Flack, Chapman and Holmes, David and Pizlo, Filip and Pla, Edward and Prochazka, Marek and Vitek, Jan},
    journal = {TECS},
    volume = {7},
    number = {1},
    pages = {1--49},
    year = {2007},
}

@misc{hotspot07handles,
    title = {The {HotSpot} runtime},
    howpublished = {\url{https://github.com/openjdk/jdk/blob/master/src/hotspot/share/runtime/handles.hpp#L36}},
    note = {Accessed: 2023-03-03},
    year = {2007},
    author = {Oracle},
}

@misc{egorovdart,
    title = {Garbage Collection in {{Dart}}},
    howpublished = {\url{https://mrale.ph/dartvm/gc.html}},
    note = {Accessed: 2023-03-03},
    year = {Unknown year},
    author = {Vyacheslav Egorov},
}

@misc{v8handledocs,
    title = {Getting started with embedding {{V8}}},
    howpublished = {\url{https://v8.dev/docs/embed\#handles-and-garbage-collection}},
    note = {Accessed: 2023-03-03},
    year = {2019},
    author = {Google},
}

This file automatically created by prebib -- do not edit this file.
Changes to this file are likely to be overwritten without warning.


@article{HFsort,
    title = {Optimizing Function Placement for
Large-Scale Data-Center Applications},
    author = {Guilherme Ottoni and Bertrand Maher},
    journal = {ISCGO},
    year = {2017},
}

@article{gp,
    title = {Propeller: A Profile Guided, Relinking Optimizer for Warehouse-Scale Applications},
    author = {H Shen and K Pszeniczny and R Lavaee and S Kumar and S Tallam and Xinliang and D Li},
    journal = {ASPLOS},
    year = {2023},
}

@article{ExtTSP,
    title = {Optimizing Function Placement for
Large-Scale Data-Center Applications},
    author = {Andy Newell and Sergey Pupyrev},
    journal = {IEEE Transactions on Computers},
    year = {2018},
}

@article{SPGO,
    title = {,SamplePGO - The Power of Profile Guided Optimizations
without the Usability Burden},
    author = {Diego Novillo},
    journal = {LLVM Compiler Infrastructure in HPC},
    year = {2014},
}

@article{bolt,
    title = {BOLT: A Practical Binary Optimizer for Data Centers and Beyond},
    author = {Maksim Panchenko and Rafael Auler and Bill Nell and Guilherme Ottoni},
    journal = {International Symposium on Code Generation and Optimization},
    year = {2019},
}

@article{bolt2,
    title = {Lightning BOLT: Powerful, Fast, and Scalable Binary Optimization},
    author = {Maksim Panchenko and Rafael Auler and Laith Sakka and Guilherme Ottoni},
    journal = {SIGPLAN},
    year = {2021},
}

@article{chen,
    title = {Taming hardware event samples for precise and versatile feedback directed optimizations},
    author = {D. Chen and N. Vachharajani and R. Hundt and X. Li and S. Eranian and W. Chen and W. Zheng},
    year = {2011},
    journal = {blablah},
}

@article{cs,
    title = {Codestitcher: inter-procedural basic block layout optimization},
    author = {Rahman Lavaee and John Criswell and Chen Ding},
    year = {2019},
    journal = {International Conference on Compiler Construction},
}

@misc{gcc,
    title = {Link-Time Optimization in GCC: Requirements and High-Level
Design},
    howpublished = {\url{https://gcc.gnu.org/projects/lto/lto.pdf}},
    note = {Accessed: 2023-06-23},
    year = {2005},
    author = {GNU Compiler Collection},
}

@article{weibin,
    title = {Profile-Guided Optimization for Function
Reordering: A Reinforcement Learning Approach},
    author = {Weibin Chen and Yeh-Ching Chung},
    journal = {IEEE International Conference on
Systems, Man, and Cybernetics},
    year = {2022},
}

@misc{amd,
    title = {AMD Supports LbrExtV2},
    howpublished = {\url{https://lwn.net/Articles/904482/}},
    note = {Accessed: 2023-06-13},
    year = {2022},
    author = {Perf Mailing List},
}

@misc{perf,
    title = {Perf wiki},
    howpublished = {\url{https://perf.wiki.kernel.org/index.php/Main_Page}},
    note = {Accessed: 2023-06-13},
    year = {2023},
    author = {Linux Perf},
}

@misc{multitime,
    title = {Multitime},
    howpublished = {\url{https://tratt.net/laurie/src/multitime/}},
    note = {Accessed: 2023-06-13},
    year = {2012},
    author = {Laurence Tratt},
}

@misc{lbr,
    title = {Intel {Last Branch Record}, {Linux} Kernel Documentation},
    howpublished = {\url{https://www.intel.com/content/dam/www/public/us/en/documents/manuals/64-ia-32-architectures-software-developer-vol-3b-part-2-manual.pdf}},
    note = {Accessed: 2023-06-13},
    year = {2016},
    author = {The Linux Kernel Developers},
}

@misc{pt,
    title = {Intel {Processor-Trace}, {Linux} Kernel Documentation},
    howpublished = {\url{https://www.intel.com/content/dam/www/public/us/en/documents/manuals/64-ia-32-architectures-software-developer-vol-3b-part-2-manual.pdf}},
    note = {Accessed: 2023-06-13},
    year = {2016},
    author = {The Linux Kernel Developers},
}

