@article{bolt,
    title={BOLT: A Practical Binary Optimizer for Data Centers and Beyond},
    author={Maksim Panchenko, Rafael Auler, Bill Nell,and Guilherme Ottoni},
    month=Feb, 
    year={2019},
    publisher={Facebook}
}

@article{bolt2,
    title={Lightning BOLT: Powerful, Fast, and Scalable Binary Optimization},
    author={Maksim Panchenko, Rafael Auler, Laith Sakka,and Guilherme Ottoni},
    month=Mar, 
    year={2021},
    publisher={Facebook}
}

@article{codestitcher,
    author={Rahman Lavaee, John Criswell,  Chen Ding},
    title={Lightning BOLT: Powerful, Fast, and Scalable Binary Optimization}, 
    year={2019},
    month=Feb,
    pages={36--47},
    published={{ACM}},
}

@misc{gcc,
    title = {Link-Time Optimization in GCC: Requirements and High-Level
        Design},
    howpublished = {\url{https://gcc.gnu.org/projects/lto/lto.pdf}},
    note = {Accessed: 2023-06-23},
    month=Nov,
    year = {2005},
    author = {GNU Compiler Collection},
}


- year is from the git import date of the doc file
@misc{amd,
    title = {AMD Supports LbrExtV2},
    howpublished = {\url{https://lwn.net/Articles/904482/}},
    note = {Accessed: 2023-06-13},
    year = {2022},
    author = {Perf Mailing List},
}

@misc{perf,
    title = "Perf wiki",
    howpublished = {\url{https://perf.wiki.kernel.org/index.php/Main_Page}},
    note = {Accessed: 2023-06-13},
    year = {2023},
    author = {Linux Perf},
}

@misc{multitime,
    title = "Multitime",
    howpublished = {\url{https://tratt.net/laurie/src/multitime/}},
    note = {Accessed: 2023-06-13},
    year = {2012},
    author = {Laurence Tratt},
}

@misc{lbr,
    title = {Intel {Last Branch Record}, {Linux} Kernel Documentation},
    howpublished = {\url{https://www.intel.com/content/dam/www/public/us/en/documents/manuals/64-ia-32-architectures-software-developer-vol-3b-part-2-manual.pdf}},
    note = {Accessed: 2023-06-13},
    year = {2016},
    author = {The Linux Kernel Developers},
}

@misc{pt,
    title = {Intel {Processor-Trace}, {Linux} Kernel Documentation},
    howpublished = {\url{https://www.intel.com/content/dam/www/public/us/en/documents/manuals/64-ia-32-architectures-software-developer-vol-3b-part-2-manual.pdf}},
    note = {Accessed: 2023-06-13},
    year = {2016},
    author = {The Linux Kernel Developers},
}

